@article{Leinwand1996,
annote = {get in library},
author = {Leinwand, Allan and Conroy, Karen Fang},
journal = {Unix and Open Systems Series, Reading, MA: Addison-Wesley, |c1996, 2nd ed.},
language = {en},
title = {{Network management: a practical perspective}},
url = {http://adsabs.harvard.edu/abs/1996nmpp.book.....L},
volume = {-1},
year = {1996}
}
